<collection xmlns="http://www.loc.gov/MARC21/slim">
<record>
  <leader>01552nam0a2200337 i 450 </leader>
  <controlfield tag="001">IT\ICCU\CNCE\001776</controlfield>
  <controlfield tag="005">20070314000000.0</controlfield>
  <datafield tag="012" ind1=" " ind2=" ">
    <subfield code="a">dep- lisi sece AlBi (3) 1594 (R)</subfield>
    <subfield code="2">fei</subfield>
  </datafield>
  <datafield tag="100" ind1=" " ind2=" ">
    <subfield code="a">19970101d1594        0itac0103    ba</subfield>
  </datafield>
  <datafield tag="101" ind1=" " ind2=" ">
    <subfield code="a">ITA</subfield>
  </datafield>
  <datafield tag="102" ind1=" " ind2=" ">
    <subfield code="a">IT</subfield>
  </datafield>
  <datafield tag="200" ind1="1" ind2=" ">
    <subfield code="a">Arsinoe. Tragedia di Nicola de gli Angeli da Monte Lupone</subfield>
  </datafield>
  <datafield tag="210" ind1=" " ind2=" ">
    <subfield code="a">In Venetia</subfield>
    <subfield code="c">appresso Giouanni Guerigli</subfield>
    <subfield code="d">1594</subfield>
  </datafield>
  <datafield tag="215" ind1=" " ind2=" ">
    <subfield code="a">66 c.</subfield>
    <subfield code="d">12ʻ</subfield>
  </datafield>
  <datafield tag="620" ind1=" " ind2=" ">
    <subfield code="a">IT</subfield>
    <subfield code="d">Venezia</subfield>
  </datafield>
  <datafield tag="700" ind1=" " ind2="1">
    <subfield code="a">Angeli,</subfield>
    <subfield code="b">Nicola</subfield>
    <subfield code="3">IT\ICCU\CNCA\000715</subfield>
  </datafield>
  <datafield tag="712" ind1="0" ind2="0">
    <subfield code="a">Guerigli, Giovanni</subfield>
    <subfield code="3">IT\ICCU\CNCT\000314</subfield>
    <subfield code="4">650</subfield>
  </datafield>
  <datafield tag="791" ind1="0" ind2="0">
    <subfield code="a">Guerilius, Ioannes</subfield>
    <subfield code="3">IT\ICCU\CNCT\003902</subfield>
    <subfield code="z">Guerigli, Giovanni</subfield>
  </datafield>
  <datafield tag="801" ind1=" " ind2="3">
    <subfield code="a">IT</subfield>
    <subfield code="b">ICCU</subfield>
    <subfield code="c">20201113</subfield>
  </datafield>
  <datafield tag="899" ind1=" " ind2=" ">
    <subfield code="a">Biblioteca dell&apos;Istituto Campana per l&apos;istruzione permanente. Osimo</subfield>
    <subfield code="1">AN0053</subfield>
    <subfield code="2">URB IC</subfield>
  </datafield>
  <datafield tag="899" ind1=" " ind2=" ">
    <subfield code="a">Biblioteca Marucelliana. Firenze</subfield>
    <subfield code="1">FI0101</subfield>
    <subfield code="2">CFI MF</subfield>
  </datafield>
  <datafield tag="899" ind1=" " ind2=" ">
    <subfield code="a">Biblioteca umanistica. Sede di Lettere. Firenze</subfield>
    <subfield code="1">FI0211</subfield>
    <subfield code="2">UFI LT</subfield>
  </datafield>
  <datafield tag="899" ind1=" " ind2=" ">
    <subfield code="a">Biblioteca nazionale Braidense. Milano</subfield>
    <subfield code="1">MI0185</subfield>
    <subfield code="2">MIL NB</subfield>
  </datafield>
  <datafield tag="899" ind1=" " ind2=" ">
    <subfield code="a">Biblioteca Estense Universitaria. Modena</subfield>
    <subfield code="1">MO0089</subfield>
    <subfield code="2">MOD BE</subfield>
  </datafield>
  <datafield tag="899" ind1=" " ind2=" ">
    <subfield code="a">Biblioteca Guarnacci. Volterra</subfield>
    <subfield code="1">PI0176</subfield>
    <subfield code="2">RT1 QV</subfield>
  </datafield>
  <datafield tag="899" ind1=" " ind2=" ">
    <subfield code="a">Biblioteca comunale Classense. Ravenna</subfield>
    <subfield code="z">MUTILO</subfield>
    <subfield code="1">RA0036</subfield>
    <subfield code="2">RAV CL</subfield>
  </datafield>
  <datafield tag="899" ind1=" " ind2=" ">
    <subfield code="a">Biblioteca musicale governativa del Conservatorio di musica S. Cecilia. Roma</subfield>
    <subfield code="1">RM0266</subfield>
    <subfield code="2">RMR SC</subfield>
  </datafield>
  <datafield tag="899" ind1=" " ind2=" ">
    <subfield code="a">Biblioteca nazionale centrale. Roma</subfield>
    <subfield code="1">RM0267</subfield>
    <subfield code="2">BVE CR</subfield>
  </datafield>
  <datafield tag="899" ind1=" " ind2=" ">
    <subfield code="a">Biblioteca civica centrale. Torino</subfield>
    <subfield code="1">TO0240</subfield>
    <subfield code="2">BCT 01</subfield>
  </datafield>
  <datafield tag="899" ind1=" " ind2=" ">
    <subfield code="a">Biblioteca nazionale Marciana. Venezia</subfield>
    <subfield code="1">VE0049</subfield>
    <subfield code="2">VEA BM</subfield>
  </datafield>
  <datafield tag="899" ind1=" " ind2=" ">
    <subfield code="a">Biblioteca civica. Verona</subfield>
    <subfield code="1">VR0059</subfield>
    <subfield code="2">ZVR 02</subfield>
  </datafield>
</record>
</collection>
